<record><leader>00000cas a22000007a 4500</leader><controlfield tag="001">1751747</controlfield><controlfield tag="008">751101d18921991nduwr ne      0    0eng d</controlfield><datafield ind1=" " ind2=" " tag="010"><subfield code="a">sn 88076467 </subfield></datafield><datafield ind1=" " ind2=" " tag="040"><subfield code="a">MUL</subfield><subfield code="b">eng</subfield><subfield code="c">MUL</subfield><subfield code="d">NOP</subfield><subfield code="d">NSD</subfield><subfield code="d">DLC</subfield><subfield code="d">OCLCQ</subfield></datafield><datafield ind1=" " ind2=" " tag="042"><subfield code="a">msc</subfield></datafield><datafield ind1="0" ind2="0" tag="245"><subfield code="a">Hankinson news.</subfield></datafield><datafield ind1="3" ind2="0" tag="246"><subfield code="a">Great Bend examiner</subfield></datafield><datafield ind1=" " ind2=" " tag="260"><subfield code="a">Hankinson, N.D. :</subfield><subfield code="b">M.M. Clough &amp; Co.</subfield></datafield><datafield ind1=" " ind2=" " tag="300"><subfield code="a">v. :</subfield><subfield code="b">ill. ;</subfield><subfield code="c">55 cm.</subfield></datafield><datafield ind1=" " ind2=" " tag="310"><subfield code="a">Weekly</subfield></datafield><datafield ind1="1" ind2=" " tag="362"><subfield code="a">Began in 1892.</subfield></datafield><datafield ind1="0" ind2=" " tag="362"><subfield code="a">-v. 101, no. 41 (Dec. 25, 1991).</subfield></datafield><datafield ind1=" " ind2=" " tag="500"><subfield code="a">Includes section: Great Bend examiner, 1906-1922.</subfield></datafield><datafield ind1=" " ind2=" " tag="500"><subfield code="a">"Official Paper of Richland Co.", 1899-1900.</subfield></datafield><datafield ind1=" " ind2=" " tag="500"><subfield code="a">"Official Newspaper City of Hankinson", 1960.</subfield></datafield><datafield ind1=" " ind2=" " tag="530"><subfield code="a">Available on microfilm from the State Historical Society of North Dakota.</subfield></datafield><datafield ind1=" " ind2=" " tag="580"><subfield code="a">Merged with: Fairmount news (Fairmount, N.D. : 1965); and: Monitor (Lidgerwood, N.D. : 1981); to form: Richland County news-monitor.</subfield></datafield><datafield ind1=" " ind2=" " tag="588"><subfield code="a">Description based on: Vol. 2, no. 3 (Mar. 30, 1893).</subfield></datafield><datafield ind1=" " ind2=" " tag="752"><subfield code="a">United States</subfield><subfield code="b">North Dakota</subfield><subfield code="c">Richland</subfield><subfield code="d">Hankinson.</subfield></datafield><datafield ind1=" " ind2=" " tag="752"><subfield code="a">United States</subfield><subfield code="b">North Dakota</subfield><subfield code="c">Richland</subfield><subfield code="d">Great Bend.</subfield></datafield><datafield ind1="1" ind2="7" tag="785"><subfield code="t">Fairmount news (Fairmount, N.D. : 1965)</subfield><subfield code="x">8750-4545</subfield><subfield code="w">(DLC)sn 84002063</subfield></datafield><datafield ind1="1" ind2="7" tag="785"><subfield code="t">Monitor (Lidgerwood, N.D. : 1981)</subfield><subfield code="x">0744-1401</subfield><subfield code="w">(DLC)sn 82000054</subfield></datafield><datafield ind1="1" ind2="7" tag="785"><subfield code="t">Richland County news-monitor</subfield><subfield code="x">1061-1029</subfield><subfield code="w">(DLC)sn 92002784</subfield></datafield><datafield ind1="1" ind2=" " tag="029"><subfield code="a">AU@</subfield><subfield code="b">000025838643</subfield></datafield></record>